@article{refrigeratorsuperconducting,
title={Superconducting Quantum Refrigerator},
author={George Rajna},
journal={Citations to Articles Posted to Academia.edu},
year={2019}
}

@article{hall1966helium,
  title={A helium-3 dilution refrigerator},
  author={Hall, HE and Ford, PJ and Thompson, K},
  journal={Cryogenics},
  volume={6},
  number={2},
  pages={80--88},
  year={1966},
  publisher={Elsevier}
}

@article{vitanov2010quantum,
title={Quantum Transitions},
author={Vitanov, Nikolay V},
journal={Introduction to Time-Dependent Quantum Dynamics of Atoms and Molecules (St. Kliment Ohridski Univ. Press, Sofia, 2010)}
}

@article{vitanov2001laser,
title={Laser-induced population transfer by adiabatic passage techniques},
author={Vitanov, Nikolay V and Halfmann, Thomas and Shore, Bruce W and Bergmann, Klaas},
journal={Annual review of physical chemistry},
volume={52},
number={1},
pages={763--809},
year={2001},
publisher={Annual Reviews 4139 El Camino Way, PO Box 10139, Palo Alto, CA 94303-0139, USA}
}

@article{craig2004hitchhiker,
title={Hitchhikerâ€™s guide to the dilution refrigerator},
author={Craig, Nathaniel and Lester, Ted},
journal={Cited on},
pages={21},
year={2004}
}

@article{nielsen2001quantum,
title={Quantum computation and quantum information},
author={Nielsen, Michael A and Chuang, Isaac L},
journal={Phys. Today},
volume={54},
number={2},
pages={60},
year={2001}
}

@book{jones2012quantum,
title={Quantum information, computation and communication},
author={Jones, Jonathan A and Jaksch, Dieter},
year={2012},
publisher={Cambridge University Press}
}

@article{de2011basic,
title={Basic operation of cryocoolers and related thermal machines},
author={De Waele, ATAM},
journal={Journal of Low Temperature Physics},
volume={164},
number={5},
pages={179--236},
year={2011},
publisher={Springer}
}

@article{martin2010closed,
title={A closed cycle 3He--4He dilution refrigerator insensitive to gravity},
author={Martin, Florian and Vermeulen, Gerard and Camus, Philippe and Benoit, Alain},
journal={Cryogenics},
volume={50},
number={9},
pages={623--627},
year={2010},
publisher={Elsevier}
}

@article{gambetta2011analytic,
title={Analytic control methods for high-fidelity unitary operations in a weakly nonlinear oscillator},
author={Gambetta, Jay M and Motzoi, F and Merkel, ST and Wilhelm, Frank K},
journal={Physical Review A},
volume={83},
number={1},
pages={012308},
year={2011},
publisher={APS}
}

@article{motzoi2009simple,
title={Simple pulses for elimination of leakage in weakly nonlinear qubits},
author={Motzoi, Felix and Gambetta, Jay M and Rebentrost, Patrick and Wilhelm, Frank K},
journal={Physical review letters},
volume={103},
number={11},
pages={110501},
year={2009},
publisher={APS}
}

@article{roth2021introduction,
title={An Introduction to the Transmon Qubit for Electromagnetic Engineers},
author={Roth, Thomas E and Ma, Ruichao and Chew, Weng C},
journal={arXiv preprint arXiv:2106.11352},
year={2021}
}

@article{khaneja2005optimal,
title={Optimal control of coupled spin dynamics: design of NMR pulse sequences by gradient ascent algorithms},
author={Khaneja, Navin and Reiss, Timo and Kehlet, Cindie and Schulte-Herbr{\"u}ggen, Thomas and Glaser, Steffen J},
journal={Journal of magnetic resonance},
volume={172},
number={2},
pages={296--305},
year={2005},
publisher={Elsevier}
}

@article{sussex_vitanov,
  title={TECHNIQUES FOR QUANTUM CONTROL OF SIMPLE QUANTUM SYSTEMS},
  author={Nikolay V. Vitanov},
  journal={Quantum Optics and Quantum Information Group Department of Physics, Sofia University, Bulgaria},
  volume={LIMQUET school in Brighton},
  year={February 26, 2019}
}

@article{torosov2022fast,
title={Fast high-fidelity composite gates in superconducting qubits: Beating the Fourier leakage limit},
author={Torosov, Boyan T and Vitanov, Nikolay V},
journal={arXiv preprint arXiv:2205.04155},
year={2022}
}

@misc{drag,
  howpublished = {\url{https://qiskit.org/documentation/stubs/qiskit.pulse.library.Drag.html}},
  title        = {DRAG},
}

@article{wu2021strong,
title={Strong quantum computational advantage using a superconducting quantum processor},
author={Wu, Yulin and Bao, Wan-Su and Cao, Sirui and Chen, Fusheng and Chen, Ming-Cheng and Chen, Xiawei and Chung, Tung-Hsun and Deng, Hui and Du, Yajie and Fan, Daojin and others},
journal={Physical review letters},
volume={127},
number={18},
pages={180501},
year={2021},
publisher={APS}
}

@article{broers1992efficient,
title={Efficient population transfer in a three-level ladder system by frequency-swept ultrashort laser pulses},
author={Broers, B and van den Heuvell, HB van Linden and Noordam, LD},
journal={Physical review letters},
volume={69},
number={14},
pages={2062},
year={1992},
publisher={APS}
}

@article{melinger1992generation,
title={Generation of narrowband inversion with broadband laser pulses},
author={Melinger, JS and Gandhi, Suketu R and Hariharan, A and Tull, JX and Warren, WS},
journal={Physical review letters},
volume={68},
number={13},
pages={2000},
year={1992},
publisher={APS}
}